date,product,TotalSales
2025-05-31,P001,2993.0431039724763
2025-06-30,P001,3309.4651261671015
2025-07-31,P001,4107.902660054223
2025-08-31,P001,3457.6694865796494
2025-09-30,P001,2493.2001856482793
2025-10-31,P001,2931.4788940084313
2025-11-30,P001,2889.0938953907257
2025-12-31,P001,3038.3693896476457
2026-01-31,P001,2657.8781409223634
2026-02-28,P001,1494.2855864947362
2026-03-31,P001,3187.942931650314
2026-04-30,P001,1388.901438845733
