date,product,TotalSales
2025-05-31,P003,3294.455906366938
2025-06-30,P003,3642.7430387975037
2025-07-31,P003,4521.586796806967
2025-08-31,P003,3805.872239931435
2025-09-30,P003,2744.276574721743
2025-10-31,P003,3226.6919056187794
2025-11-30,P003,3180.0385484211747
2025-12-31,P003,3344.346751359463
2026-01-31,P003,2925.5383352627387
2026-02-28,P003,1644.7668159849654
2026-03-31,P003,3508.9830167820696
2026-04-30,P003,1528.7700142018878
