date,product,TotalSales
2025-05-31,P008,3157.1523229939194
2025-06-30,P008,3490.9238350353917
2025-07-31,P008,4333.139876472142
2025-08-31,P008,3647.254273488912
2025-09-30,P008,2629.9029062966415
2025-10-31,P008,3092.212533706121
2025-11-30,P008,3047.503556188097
2025-12-31,P008,3204.9638589928886
2026-01-31,P008,2803.610190481562
2026-02-28,P008,1576.2175975202965
2026-03-31,P008,3362.738551567612
2026-04-30,P008,1465.0552136190443
